<record><leader>00000cas a22000007a 4500</leader><controlfield tag="001">13163826</controlfield><controlfield tag="008">860218d18541872laudn ne      0    0ger d</controlfield><datafield ind1=" " ind2=" " tag="010"><subfield code="a">sn 86079072 </subfield></datafield><datafield ind1=" " ind2=" " tag="040"><subfield code="a">NPU</subfield><subfield code="b">eng</subfield><subfield code="c">NPU</subfield><subfield code="d">NPX</subfield><subfield code="d">LNP</subfield><subfield code="d">YOX</subfield><subfield code="d">OCLCQ</subfield></datafield><datafield ind1="0" ind2=" " tag="041"><subfield code="a">ger</subfield><subfield code="a">eng</subfield></datafield><datafield ind1=" " ind2=" " tag="042"><subfield code="a">msc</subfield></datafield><datafield ind1="0" ind2=" " tag="130"><subfield code="a">Ta&#776;gliche deutsche Zeitung (New Orleans, La. : 1854)</subfield></datafield><datafield ind1="1" ind2="4" tag="245"><subfield code="a">Die Ta&#776;gliche deutsche Zeitung.</subfield></datafield><datafield ind1="3" ind2="0" tag="246"><subfield code="a">Daily German gazette</subfield></datafield><datafield ind1="3" ind2="0" tag="246"><subfield code="a">Sonntags-Blatt der New-Orleans deutschen Zeitung</subfield></datafield><datafield ind1=" " ind2=" " tag="260"><subfield code="a">New-Orleans [La.] :</subfield><subfield code="b">F. Gobein</subfield></datafield><datafield ind1=" " ind2=" " tag="300"><subfield code="a">volumes ;</subfield><subfield code="c">57 cm</subfield></datafield><datafield ind1=" " ind2=" " tag="310"><subfield code="a">Daily (except Mon.)</subfield></datafield><datafield ind1=" " ind2=" " tag="336"><subfield code="a">text</subfield><subfield code="b">txt</subfield><subfield code="2">rdacontent</subfield></datafield><datafield ind1=" " ind2=" " tag="337"><subfield code="a">unmediated</subfield><subfield code="b">n</subfield><subfield code="2">rdamedia</subfield></datafield><datafield ind1=" " ind2=" " tag="338"><subfield code="a">volume</subfield><subfield code="b">nc</subfield><subfield code="2">rdacarrier</subfield></datafield><datafield ind1="0" ind2=" " tag="362"><subfield code="a">Jahrg. 6, no. 1784 (2 Mai 1854)-Jahrg. 24, No. 7173 (31 Juli 1872).</subfield></datafield><datafield ind1=" " ind2=" " tag="500"><subfield code="a">On Sunday published as: Sonntags-Blatt der New-Orleans deutschen Zeitung, Sept. 2, 1866-1872.</subfield></datafield><datafield ind1=" " ind2=" " tag="546"><subfield code="a">In German; some notices in English.</subfield></datafield><datafield ind1=" " ind2=" " tag="752"><subfield code="a">United States</subfield><subfield code="b">Louisiana</subfield><subfield code="c">Orleans</subfield><subfield code="d">New Orleans.</subfield></datafield><datafield ind1="0" ind2=" " tag="775"><subfield code="t">Wo&#776;chentliche deutsche Zeitung (New Orleans, La. : 1859)</subfield><subfield code="w">(DLC)sn 85034517</subfield></datafield><datafield ind1="0" ind2=" " tag="775"><subfield code="t">New-Orleans wo&#776;chentliche deutsche Zeitung</subfield><subfield code="w">(DLC)sn 85034516</subfield></datafield><datafield ind1="0" ind2="0" tag="780"><subfield code="t">Deutsche Zeitung (New Orleans, La.)</subfield><subfield code="w">(DLC)sn 86053717</subfield></datafield><datafield ind1="0" ind2="5" tag="780"><subfield code="t">Louisiana Staats-Zeitung</subfield><subfield code="g">1866</subfield><subfield code="w">(DLC)sn 86053738</subfield></datafield><datafield ind1="0" ind2="0" tag="785"><subfield code="t">New-Orleans ta&#776;gliche deutsche Zeitung</subfield><subfield code="w">(DLC)sn 86079071</subfield></datafield></record>